[gd_scene load_steps=6 format=1]

[ext_resource path="res://asstes/scenes/background.tscn" type="PackedScene" id=1]
[ext_resource path="res://asstes/fonts/font40.fnt" type="BitmapFont" id=2]
[ext_resource path="res://asstes/fonts/font32.fnt" type="BitmapFont" id=3]
[ext_resource path="res://asstes/sprites/GUI/btn_theme.tres" type="Theme" id=4]

[sub_resource type="GDScript" id=1]

resource/name = "credits"
script/source = "extends Control

var main_menu = \"res://asstes/scenes/main_menu.tscn\"

func _on_btn_back_pressed():
	audio_control.play_click()
	get_node(\"canvas/btn_back\").set_disabled(true)
	transition.fade_to(main_menu)
"

[node name="credits" type="Control"]

focus/ignore_mouse = false
focus/stop_mouse = true
size_flags/horizontal = 2
size_flags/vertical = 2
margin/left = 0.0
margin/top = 0.0
margin/right = 1280.0
margin/bottom = 720.0
script/script = SubResource( 1 )

[node name="background" parent="." instance=ExtResource( 1 )]

[node name="canvas" type="CanvasLayer" parent="."]

layer = 1
offset = Vector2( 0, 0 )
rotation = 0.0
scale = Vector2( 1, 1 )

[node name="credits_label" type="Label" parent="canvas"]

focus/ignore_mouse = true
focus/stop_mouse = true
size_flags/horizontal = 2
size_flags/vertical = 0
margin/left = 0.0
margin/top = 0.0
margin/right = 1276.0
margin/bottom = 100.0
custom_fonts/font = ExtResource( 2 )
custom_colors/font_color = Color( 0, 0, 0, 1 )
custom_constants/shadow_offset_x = 2
custom_constants/shadow_offset_y = 2
text = "CREDITS"
align = 1
valign = 1
percent_visible = 1.0
lines_skipped = 0
max_lines_visible = -1

[node name="vertical_container" type="VBoxContainer" parent="canvas"]

focus/ignore_mouse = false
focus/stop_mouse = false
size_flags/horizontal = 2
size_flags/vertical = 2
margin/left = 0.0
margin/top = 113.0
margin/right = 1280.0
margin/bottom = 633.0
custom_constants/separation = 50
alignment = 0

[node name="programmer_container" type="HBoxContainer" parent="canvas"]

focus/ignore_mouse = false
focus/stop_mouse = false
size_flags/horizontal = 2
size_flags/vertical = 2
margin/left = 0.0
margin/top = 113.0
margin/right = 1280.0
margin/bottom = 145.0
custom_constants/separation = 50
alignment = 0

[node name="programmer" type="Label" parent="canvas"]

focus/ignore_mouse = true
focus/stop_mouse = true
size_flags/horizontal = 3
size_flags/vertical = 0
margin/left = 0.0
margin/top = 113.0
margin/right = 615.0
margin/bottom = 145.0
custom_fonts/font = ExtResource( 3 )
custom_colors/font_color = Color( 0, 0, 0, 1 )
text = "PROGRAMMER"
align = 2
valign = 1
percent_visible = 1.0
lines_skipped = 0
max_lines_visible = -1

[node name="programmer_name" type="Label" parent="canvas"]

focus/ignore_mouse = true
focus/stop_mouse = true
size_flags/horizontal = 3
size_flags/vertical = 0
margin/left = 665.0
margin/top = 113.0
margin/right = 1280.0
margin/bottom = 145.0
custom_fonts/font = ExtResource( 3 )
custom_colors/font_color = Color( 0, 0, 0, 1 )
text = "Yuri Fernandes"
valign = 1
percent_visible = 1.0
lines_skipped = 0
max_lines_visible = -1

[node name="artist_container" type="HBoxContainer" parent="canvas"]

focus/ignore_mouse = false
focus/stop_mouse = false
size_flags/horizontal = 2
size_flags/vertical = 2
margin/left = 0.0
margin/top = 195.0
margin/right = 1280.0
margin/bottom = 227.0
custom_constants/separation = 50
alignment = 0

[node name="artist" type="Label" parent="canvas"]

focus/ignore_mouse = true
focus/stop_mouse = true
size_flags/horizontal = 3
size_flags/vertical = 0
margin/left = 0.0
margin/top = 195.0
margin/right = 615.0
margin/bottom = 227.0
custom_fonts/font = ExtResource( 3 )
custom_colors/font_color = Color( 0, 0, 0, 1 )
text = "ARTIST"
align = 2
valign = 1
percent_visible = 1.0
lines_skipped = 0
max_lines_visible = -1

[node name="artist_name" type="Label" parent="canvas"]

focus/ignore_mouse = true
focus/stop_mouse = true
size_flags/horizontal = 3
size_flags/vertical = 0
margin/left = 665.0
margin/top = 195.0
margin/right = 1280.0
margin/bottom = 227.0
custom_fonts/font = ExtResource( 3 )
custom_colors/font_color = Color( 0, 0, 0, 1 )
text = "Juliana Rocha"
valign = 1
percent_visible = 1.0
lines_skipped = 0
max_lines_visible = -1

[node name="music_container" type="HBoxContainer" parent="canvas"]

focus/ignore_mouse = false
focus/stop_mouse = false
size_flags/horizontal = 2
size_flags/vertical = 2
margin/left = 0.0
margin/top = 277.0
margin/right = 1280.0
margin/bottom = 379.0
custom_constants/separation = 50
alignment = 0

[node name="music" type="Label" parent="canvas"]

focus/ignore_mouse = true
focus/stop_mouse = true
size_flags/horizontal = 3
size_flags/vertical = 0
margin/left = 0.0
margin/top = 312.0
margin/right = 615.0
margin/bottom = 344.0
custom_fonts/font = ExtResource( 3 )
custom_colors/font_color = Color( 0, 0, 0, 1 )
text = "MUSIC"
align = 2
percent_visible = 1.0
lines_skipped = 0
max_lines_visible = -1

[node name="musics_names" type="Label" parent="canvas"]

focus/ignore_mouse = true
focus/stop_mouse = true
size_flags/horizontal = 3
size_flags/vertical = 0
margin/left = 665.0
margin/top = 277.0
margin/right = 1280.0
margin/bottom = 379.0
custom_fonts/font = ExtResource( 3 )
custom_colors/font_color = Color( 0, 0, 0, 1 )
text = "Awesomenss - mrpoly
SummerTown - 3uhox
opengameart.org"
valign = 1
percent_visible = 1.0
lines_skipped = 0
max_lines_visible = -1

[node name="btn_back" type="Button" parent="canvas"]

focus/ignore_mouse = false
focus/stop_mouse = true
size_flags/horizontal = 2
size_flags/vertical = 2
theme/theme = ExtResource( 4 )
margin/left = 540.0
margin/top = 658.0
margin/right = 740.0
margin/bottom = 714.0
toggle_mode = false
enabled_focus_mode = 2
shortcut = null
text = "BACK"
flat = false

[connection signal="pressed" from="canvas/btn_back" to="." method="_on_btn_back_pressed"]


